
@article{OConnell:2010br,
	Annote = {10.1038/nature08967},
	Author = {O'Connell, A. D. and Hofheinz, M. and Ansmann, M. and Bialczak, Radoslaw C. and Lenander, M. and Lucero, Erik and Neeley, M. and Sank, D. and Wang, H. and Weides, M. and Wenner, J. and Martinis, John M. and Cleland, A. N.},
	Date = {2010/04/01/print},
	Date-Added = {2014-12-22 01:37:12 +0000},
	Date-Modified = {2014-12-22 01:37:12 +0000},
	Day = {01},
	Isbn = {0028-0836},
	Journal = {Nature},
	L3 = {http://www.nature.com/nature/journal/v464/n7289/suppinfo/nature08967_S1.html},
	M3 = {10.1038/nature08967},
	Month = {04},
	Number = {7289},
	Pages = {697--703},
	Publisher = {Macmillan Publishers Limited. All rights reserved},
	Title = {Quantum ground state and single-phonon control of a mechanical resonator},
	Ty = {JOUR},
	Url = {http://dx.doi.org/10.1038/nature08967},
	Volume = {464},
	Year = {2010}
}

@article{Nation:2012ka,
  title = {\textit{Colloquium}      : Stimulating uncertainty: Amplifying the quantum vacuum with superconducting circuits},
  author = {Nation, P. and Johansson, J. and Blencowe, M. and Nori, Franco},
  journal = {Rev. Mod. Phys.},
  volume = {84},
  issue = {1},
  pages = {1--24},
  numpages = {24},
  year = {2012},
  month = {Jan},
  publisher = {American Physical Society},
  doi = {10.1103/RevModPhys.84.1},
  url = {http://link.aps.org/doi/10.1103/RevModPhys.84.1}
}

@article{Georgescu:2014bg,
  title = {Quantum simulation},
  author = {Georgescu, I. M. and Ashhab, S. and Nori, Franco},
  journal = {Rev. Mod. Phys.},
  volume = {86},
  issue = {1},
  pages = {153--185},
  numpages = {33},
  year = {2014},
  month = {Mar},
  publisher = {American Physical Society},
  doi = {10.1103/RevModPhys.86.153},
  url = {http://link.aps.org/doi/10.1103/RevModPhys.86.153}
}

@article{Xiang:2013hm,
  title = {Hybrid quantum circuits: Superconducting circuits interacting with other quantum systems},
  author = {Xiang, Ze-Liang and Ashhab, Sahel and You, J. and Nori, Franco},
  journal = {Rev. Mod. Phys.},
  volume = {85},
  issue = {2},
  pages = {623--653},
  numpages = {31},
  year = {2013},
  month = {Apr},
  publisher = {American Physical Society},
  doi = {10.1103/RevModPhys.85.623},
  url = {http://link.aps.org/doi/10.1103/RevModPhys.85.623}
}

@article{Goppl:2008iu,
   author = {G\"{o}ppl, M. and Fragner, A. and Baur, M. and Bianchetti, R. and Filipp, S. and Fink, J. M. and Leek, P. J. and Puebla, G. and Steffen, L. and Wallraff, A.},
   title = "Coplanar waveguide resonators for circuit quantum electrodynamics",
   journal = "J. Appl. Phys.",
   year = "2008",
   volume = "104",
   number = "11", 
   eid = 113904,
   pages = "-",
   url = "http://scitation.aip.org/content/aip/journal/jap/104/11/10.1063/1.3010859",
   doi = "http://dx.doi.org/10.1063/1.3010859" 
}

@article{Murch:2008kj,
	Annote = {10.1038/nphys965},
	Author = {Murch, Kater W. and Moore, Kevin L. and Gupta, Subhadeep and Stamper-Kurn, Dan M.},
	Date = {2008/07//print},
	Date-Added = {2014-12-15 09:52:49 +0000},
	Date-Modified = {2014-12-15 09:52:49 +0000},
	Isbn = {1745-2473},
	Journal = {Nat. Phys.},
	L3 = {http://www.nature.com/nphys/journal/v4/n7/suppinfo/nphys965_S1.html},
	M3 = {10.1038/nphys965},
	Month = {07},
	Number = {7},
	Pages = {561--564},
	Publisher = {Nature Publishing Group},
	Title = {Observation of quantum-measurement backaction with an ultracold atomic gas},
	Ty = {JOUR},
	Url = {http://dx.doi.org/10.1038/nphys965},
	Volume = {4},
	Year = {2008},
}

@article{Jing:2011ie,
  title = {Quantum Optomechanics of a Bose-Einstein Antiferromagnet},
  author = {Jing, H. and Goldbaum, D. and Buchmann, L. and Meystre, P.},
  journal = {Phys. Rev. Lett.},
  volume = {106},
  issue = {22},
  pages = {223601},
  numpages = {4},
  year = {2011},
  month = {Jun},
  publisher = {American Physical Society},
  doi = {10.1103/PhysRevLett.106.223601},
  url = {http://link.aps.org/doi/10.1103/PhysRevLett.106.223601}
}

@article{Nation:2009jc,
  title = {Analogue Hawking Radiation in a dc-SQUID Array Transmission Line},
  author = {Nation, P. and Blencowe, M. and Rimberg, A. and Buks, E.},
  journal = {Phys. Rev. Lett.},
  volume = {103},
  issue = {8},
  pages = {087004},
  numpages = {4},
  year = {2009},
  month = {Aug},
  publisher = {American Physical Society},
  doi = {10.1103/PhysRevLett.103.087004},
  url = {http://link.aps.org/doi/10.1103/PhysRevLett.103.087004}
}

@article{Wilson:2011wr,
	Annote = {10.1038/nature10561},
	Author = {Wilson, C. M. and Johansson, G. and Pourkabirian, A. and Simoen, M. and Johansson, J. R. and Duty, T. and Nori, F. and Delsing, P.},
	Date = {2011/11/17/print},
	Date-Added = {2014-12-15 04:34:27 +0000},
	Date-Modified = {2014-12-15 04:34:35 +0000},
	Day = {17},
	Isbn = {0028-0836},
	Journal = {Nature},
	L3 = {http://www.nature.com/nature/journal/v479/n7373/abs/nature10561.html#supplementary-information},
	M3 = {10.1038/nature10561},
	Month = {11},
	Number = {7373},
	Pages = {376--379},
	Publisher = {Nature Publishing Group, a division of Macmillan Publishers Limited. All Rights Reserved.},
	Title = {Observation of the dynamical Casimir effect in a superconducting circuit},
	Ty = {JOUR},
	Url = {http://dx.doi.org/10.1038/nature10561},
	Volume = {479},
	Year = {2011},
	Bdsk-Url-1 = {http://dx.doi.org/10.1038/nature10561}}

@article{Felicetti:2014dz,
  title = {Dynamical Casimir Effect Entangles Artificial Atoms},
  author = {Felicetti, S. and Sanz, M. and Lamata, L. and Romero, G. and Johansson, G. and Delsing, P. and Solano, E.},
  journal = {Phys. Rev. Lett.},
  volume = {113},
  issue = {9},
  pages = {093602},
  numpages = {5},
  year = {2014},
  month = {Aug},
  publisher = {American Physical Society},
  doi = {10.1103/PhysRevLett.113.093602},
  url = {http://link.aps.org/doi/10.1103/PhysRevLett.113.093602}
}

@article{Lindkvist:2014hc,
  title = {Twin paradox with macroscopic clocks in superconducting circuits},
  author = {Lindkvist, Joel and Sab\'{i}n, Carlos and Fuentes, Ivette and Dragan, Andrzej and Svensson, Ida-Maria and Delsing, Per and Johansson, G\"{o}ran},
  journal = {Phys. Rev. A},
  volume = {90},
  issue = {5},
  pages = {052113},
  numpages = {5},
  year = {2014},
  month = {Nov},
  publisher = {American Physical Society},
  doi = {10.1103/PhysRevA.90.052113},
  url = {http://link.aps.org/doi/10.1103/PhysRevA.90.052113}
}

@article{CastellanosBeltran:2008cg,
	Annote = {10.1038/nphys1090},
	Author = {Castellanos-Beltran, M. A. and Irwin, K. D. and Hilton, G. C. and Vale, L. R. and Lehnert, K. W.},
	Date = {2008/12//print},
	Isbn = {1745-2473},
	Journal = {Nat. Phys.},
	M3 = {10.1038/nphys1090},
	Month = {12},
	Number = {12},
	Pages = {929--931},
	Publisher = {Nature Publishing Group},
	Title = {Amplification and squeezing of quantum noise with a tunable Josephson metamaterial},
	Ty = {JOUR},
	Url = {http://dx.doi.org/10.1038/nphys1090},
	Volume = {4},
	Year = {2008},
}

@article{Yamamoto:2008cr,
   author = "Yamamoto, T. and Inomata, K. and Watanabe, M. and Matsuba, K. and Miyazaki, T. and Oliver, W. D. and Nakamura, Y. and Tsai, J. S.",
   title = "Flux-driven Josephson parametric amplifier",
   journal = "Appl. Phys. Lett.",
   year = "2008",
   volume = "93",
   number = "4", 
   eid = 042510,
   pages = "-",
   url = "http://scitation.aip.org/content/aip/journal/apl/93/4/10.1063/1.2964182",
   doi = "http://dx.doi.org/10.1063/1.2964182" 
}

@article{Sandberg:2008br,
   author = "Sandberg, M. and Wilson, C. M. and Persson, F. and Bauch, T. and Johansson, G. and Shumeiko, V. and Duty, T. and Delsing, P.",
   title = "Tuning the field in a microwave resonator faster than the photon lifetime",
   journal = "Appl. Phys. Lett.",
   year = "2008",
   volume = "92",
   number = "20", 
   eid = 203501,
   pages = "-",
   url = "http://scitation.aip.org/content/aip/journal/apl/92/20/10.1063/1.2929367",
   doi = "http://dx.doi.org/10.1063/1.2929367" 
}

@article{PalaciosLaloy:2008ef,
year={2008},
issn={0022-2291},
journal={J. Low Temp. Phys.},
volume={151},
number={3-4},
doi={10.1007/s10909-008-9774-x},
title={Tunable Resonators for Quantum Circuits},
url={http://dx.doi.org/10.1007/s10909-008-9774-x},
publisher={Springer US},
keywords={Stripline resonators; Superconducting quantum devices; SQUIDs; 74.78.-w; 84.40.Dc; 85.25.Am; 85.25.Dq},
author={Palacios-Laloy, A. and Nguyen, F. and Mallet, F. and Bertet, P. and Vion, D. and Esteve, D.},
pages={1034-1042},
language={English}
}


@article{Wustmann:2013bm,
  title = {Parametric resonance in tunable superconducting cavities},
  author = {Wustmann, Waltraut and Shumeiko, Vitaly},
  journal = {Phys. Rev. B},
  volume = {87},
  issue = {18},
  pages = {184501},
  numpages = {23},
  year = {2013},
  month = {May},
  publisher = {American Physical Society},
  doi = {10.1103/PhysRevB.87.184501},
  url = {http://link.aps.org/doi/10.1103/PhysRevB.87.184501}
}



@article{Wallquist:2006fc,
  title = {Selective coupling of superconducting charge qubits mediated by a tunable stripline cavity},
  author = {Wallquist, M. and Shumeiko, V. and Wendin, G.},
  journal = {Phys. Rev. B},
  volume = {74},
  issue = {22},
  pages = {224506},
  numpages = {10},
  year = {2006},
  month = {Dec},
  publisher = {American Physical Society},
  doi = {10.1103/PhysRevB.74.224506},
  url = {http://link.aps.org/doi/10.1103/PhysRevB.74.224506}
}

@article{Purdy:2010gh,
  title = {Tunable Cavity Optomechanics with Ultracold Atoms},
  author = {Purdy, T. and Brooks, D. and Botter, T. and Brahms, N. and Ma, Z.-Y. and Stamper-Kurn, D.},
  journal = {Phys. Rev. Lett.},
  volume = {105},
  issue = {13},
  pages = {133602},
  numpages = {4},
  year = {2010},
  month = {Sep},
  publisher = {American Physical Society},
  doi = {10.1103/PhysRevLett.105.133602},
  url = {http://link.aps.org/doi/10.1103/PhysRevLett.105.133602}
}


@article{Brennecke:2008el,
author = {Brennecke, Ferdinand and Ritter, Stephan and Donner, Tobias and Esslinger, Tilman}, 
title = {Cavity Optomechanics with a Bose-Einstein Condensate},
volume = {322}, 
number = {5899}, 
pages = {235-238}, 
year = {2008}, 
doi = {10.1126/science.1163218}, 
abstract ={Cavity optomechanics studies the coupling between a mechanical oscillator and the electromagnetic field in a cavity. We report on a cavity optomechanical system in which a collective density excitation of a Bose-Einstein condensate serves as the mechanical oscillator coupled to the cavity field. A few photons inside the ultrahigh-finesse cavity trigger strongly driven back-action dynamics, in quantitative agreement with a cavity optomechanical model. We approach the strong coupling regime of cavity optomechanics, where a single excitation of the mechanical oscillator substantially influences the cavity field. The results open up new directions for investigating mechanical oscillators in the quantum regime and the border between classical and quantum physics.}, 
URL = {http://www.sciencemag.org/content/322/5899/235.abstract}, 
journal = {Science} 
}

@article{Liao:2014ev,
	Author = {Liao, Jie-Qiao and Nori, Franco},
	Date = {2014/09/09/online},
	Date-Added = {2014-12-15 02:35:15 +0000},
	Date-Modified = {2014-12-15 02:35:15 +0000},
	Day = {09},
	Journal = {Sci. Rep.},
	L3 = {10.1038/srep06302},
	M3 = {Article},
	Month = {09},
	Publisher = {Macmillan Publishers Limited. All rights reserved},
	Title = {Single-photon quadratic optomechanics},
	Ty = {JOUR},
	Url = {http://dx.doi.org/10.1038/srep06302},
	Volume = {4},
	Year = {2014},
	Bdsk-Url-1 = {http://dx.doi.org/10.1038/srep06302}}


@article{Liao:2013fs,
  title = {Photon blockade in quadratically coupled optomechanical systems},
  author = {Liao, Jie-Qiao and Nori, Franco},
  journal = {Phys. Rev. A},
  volume = {88},
  issue = {2},
  pages = {023853},
  numpages = {6},
  year = {2013},
  month = {Aug},
  publisher = {American Physical Society},
  doi = {10.1103/PhysRevA.88.023853},
  url = {http://link.aps.org/doi/10.1103/PhysRevA.88.023853}
}


@incollection{Wendin:2006,
	Address = {Karlsruhe, Germany},
	Author = {Wendin, G and Shumeiko, V S},
	Booktitle = {Handbook of Theoretical and Computational Nanotechnology},
	Chapter = {12},
	Editor = {Rieth, M and Schommers, W},
	eprint = {arXiv:cond-mat/0508729},
	Publisher = {American Scientific Publishers},
	Title = {Superconducting quantum circuits, qubits and computing},
	Year = {2006}}

@article{Schoelkopf:2008cs,
	Annote = {10.1038/451664a},
	Author = {Schoelkopf, R. J. and Girvin, S. M.},
	Date = {2008/02/07/print},
	Day = {07},
	Isbn = {0028-0836},
	Journal = {Nature},
	M3 = {10.1038/451664a},
	Month = {02},
	Number = {7179},
	Pages = {664--669},
	Publisher = {Nature Publishing Group},
	Title = {Wiring up quantum systems},
	Ty = {JOUR},
	Url = {http://dx.doi.org/10.1038/451664a},
	Volume = {451},
	Year = {2008}}


@article{Clarke:2008gi,
	Annote = {10.1038/nature07128},
	Author = {Clarke, John and Wilhelm, Frank K.},
	Date = {2008/06/19/print},
	Day = {19},
	Isbn = {0028-0836},
	Journal = {Nature},
	M3 = {10.1038/nature07128},
	Month = {06},
	Number = {7198},
	Pages = {1031--1042},
	Publisher = {Nature Publishing Group},
	Title = {Superconducting quantum bits},
	Ty = {JOUR},
	Url = {http://dx.doi.org/10.1038/nature07128},
	Volume = {453},
	Year = {2008}}


@article{Devoret:2013jz,
author = {Devoret, M. H. and Schoelkopf, R. J.}, 
title = {Superconducting Circuits for Quantum Information: An Outlook},
volume = {339}, 
number = {6124}, 
pages = {1169-1174}, 
year = {2013}, 
doi = {10.1126/science.1231930}, 
abstract ={The performance of superconducting qubits has improved by several orders of magnitude in the past decade. These circuits benefit from the robustness of superconductivity and the Josephson effect, and at present they have not encountered any hard physical limits. However, building an error-corrected information processor with many such qubits will require solving specific architecture problems that constitute a new field of research. For the first time, physicists will have to master quantum error correction to design and operate complex active systems that are dissipative in nature, yet remain coherent indefinitely. We offer a view on some directions for the field and speculate on its future.}, 
URL = {http://www.sciencemag.org/content/339/6124/1169.abstract}, 
journal = {Science} 
}

@article{You:2011uv,
	Annote = {10.1038/nature10122},
	Author = {You, J. Q. and Nori, Franco},
	Date = {2011/06/30/print},
	Date-Added = {2014-12-12 08:21:31 +0000},
	Date-Modified = {2014-12-12 08:21:31 +0000},
	Day = {30},
	Isbn = {0028-0836},
	Journal = {Nature},
	M3 = {10.1038/nature10122},
	Month = {06},
	Number = {7353},
	Pages = {589--597},
	Publisher = {Nature Publishing Group, a division of Macmillan Publishers Limited. All Rights Reserved.},
	Title = {Atomic physics and quantum optics using superconducting circuits},
	Ty = {JOUR},
	Url = {http://dx.doi.org/10.1038/nature10122},
	Volume = {474},
	Year = {2011}}

@article{You:2005gn,
author = {You, J Q and Nori, Franco},
title = {{Superconducting circuits and quantum information}},
journal = {Phys. Today},
year = {2005},
volume = {58},
number = {11},
pages = {42--47},
month = nov,
url = {http://dx.doi.org/10.1063/1.2155757}
}

@article{Buluta:2009ii,
author = {Buluta, Iulia and Nori, Franco}, 
title = {Quantum Simulators},
volume = {326}, 
number = {5949}, 
pages = {108-111}, 
year = {2009}, 
doi = {10.1126/science.1177838}, 
abstract ={Quantum simulators are controllable quantum systems that can be used to simulate other quantum systems. Being able to tackle problems that are intractable on classical computers, quantum simulators would provide a means of exploring new physical phenomena. We present an overview of how quantum simulators may become a reality in the near future as the required technologies are now within reach. Quantum simulators, relying on the coherent control of neutral atoms, ions, photons, or electrons, would allow studying problems in various fields including condensed-matter physics, high-energy physics, cosmology, atomic physics, and quantum chemistry.}, 
URL = {http://www.sciencemag.org/content/326/5949/108.abstract}, 
journal = {Science} 
}

@article{Bhattacharya:2008kd,
  title = {Optomechanical trapping and cooling of partially reflective mirrors},
  author = {Bhattacharya, M. and Uys, H. and Meystre, P.},
  journal = {Phys. Rev. A},
  volume = {77},
  issue = {3},
  pages = {033819},
  numpages = {12},
  year = {2008},
  month = {Mar},
  publisher = {American Physical Society},
  doi = {10.1103/PhysRevA.77.033819},
  url = {http://link.aps.org/doi/10.1103/PhysRevA.77.033819}
}


@article{Clerk:2010ht,
  title = {Quantum Measurement of Phonon Shot Noise},
  author = {Clerk, A. and Marquardt, Florian and Harris, J.},
  journal = {Phys. Rev. Lett.},
  volume = {104},
  issue = {21},
  pages = {213603},
  numpages = {4},
  year = {2010},
  month = {May},
  publisher = {American Physical Society},
  doi = {10.1103/PhysRevLett.104.213603},
  url = {http://link.aps.org/doi/10.1103/PhysRevLett.104.213603}
}


@article{Nunnenkamp:2010gj,
  title = {Cooling and squeezing via quadratic optomechanical coupling},
  author = {Nunnenkamp, A. and B\o{}rkje, K. and Harris, J. and Girvin, S.},
  journal = {Phys. Rev. A},
  volume = {82},
  issue = {2},
  pages = {021806},
  numpages = {4},
  year = {2010},
  month = {Aug},
  publisher = {American Physical Society},
  doi = {10.1103/PhysRevA.82.021806},
  url = {http://link.aps.org/doi/10.1103/PhysRevA.82.021806}
}


@incollection{Sankey:2009vs,
author = {Sankey, J C and Jayich, A M and Zwickl, B M and Yang, C and Harris, J G E},
title = {{Improved ``position squared'' readout using degenerate cavity modes}},
booktitle = {Proceedings of the XXI International Conference on Atomic Physics},
year = {2009},
publisher = {World Scientific}
}

@article{Meystre:2013gu,
author = {Meystre, Pierre},
title = {{A short walk through quantum optomechanics}},
journal = {Ann. Phys.},
city = {Berlin},
year = {2013},
volume = {525},
number = {3},
pages = {215--233},
month = mar,
url = {http://dx.doi.org/10.1002/andp.201200226}

}


@article{Aspelmeyer:2012fy,
author = {Aspelmeyer, Markus and Meystre, Pierre and Schwab, Keith},
title = {{Quantum optomechanics}},
journal = {Phys. Today},
year = {2012},
volume = {65},
number = {7},
pages = {29},
url = {http://dx.doi.org/10.1063/PT.3.1640}
}


@article{Verhagen:2012ei,
author = {Verhagen, E and Del{\'e}glise, S and Weis, S and Schliesser, A and Kippenberg, Tobias J},
title = {{Quantum-coherent coupling of a mechanical oscillator to an optical cavity mode}},
journal = {Nature},
year = {2012},
volume = {482},
number = {7383},
pages = {63--67},
month = feb,
url = {http://dx.doi.org/10.1038/nature10787}
}



@article{Teufel:2011ih,
author = {Teufel, J D and Li, Dale and Allman, M S and Cicak, K and Sirois, A J and Whittaker, J D and Simmonds, R W},
title = {{Circuit cavity electromechanics in the strong-coupling regime}},
journal = {Nature},
year = {2011},
volume = {471},
number = {7337},
pages = {204--208},
month = mar,
url = {http://dx.doi.org/10.1038/nature09898}
}



@article{Groblacher:2009eh,
author = {Gr{\"o}blacher, Simon and Hammerer, Klemens and Vanner, Michael R and Aspelmeyer, Markus},
title = {{Observation of strong coupling between a micromechanical resonator and an optical cavity field}},
journal = {Nature},
year = {2009},
volume = {460},
number = {7256},
pages = {724--727},
month = aug,
url = {http://dx.doi.org/10.1038/nature08171}
}

@article{Chan:2011dy,
author = {Chan, Jasper and Alegre, T P Mayer and Safavi-Naeini, Amir H and Hill, Jeff T and Krause, Alex and Gr{\"o}blacher, Simon and Aspelmeyer, Markus and Painter, Oskar},
title = {{Laser cooling of a nanomechanical oscillator into its quantum ground state}},
journal = {Nature},
year = {2011},
volume = {478},
number = {7367},
pages = {89--92},
month = oct,
url = {http://dx.doi.org/10.1038/nature10461}
}

@article{Teufel:2011jg,
author = {Teufel, J D and Donner, T and Li, Dale and Harlow, J W and Allman, M S and Cicak, K and Sirois, A J and Whittaker, J D and Lehnert, K W and Simmonds, R W},
title = {{Sideband cooling of micromechanical motion to the quantum ground state}},
journal = {Nature},
year = {2011},
volume = {475},
number = {7356},
pages = {359--363},
month = jul,
url = {http://dx.doi.org/10.1038/nature10261}
}

@article{Miao:2009jk,
  title = {Standard Quantum Limit for Probing Mechanical Energy Quantization},
  author = {Miao, Haixing and Danilishin, Stefan and Corbitt, Thomas and Chen, Yanbei},
  journal = {Phys. Rev. Lett.},
  volume = {103},
  issue = {10},
  pages = {100402},
  numpages = {4},
  year = {2009},
  month = {Sep},
  publisher = {American Physical Society},
  doi = {10.1103/PhysRevLett.103.100402},
  url = {http://link.aps.org/doi/10.1103/PhysRevLett.103.100402}
}



@misc{aspelmeyer:2013,
Author = {Markus Aspelmeyer and Tobias J. Kippenberg and Florian Marquardt},
Title = {Cavity Optomechanics},
Year = {2013},
Eprint = {arXiv:1303.0733},
}

@article{Braginsky:1980qv,
author = {Braginsky, Vladimir B. and Vorontsov, Yuri I. and Thorne, Kip S.}, 
title = {Quantum Nondemolition Measurements},
volume = {209}, 
number = {4456}, 
pages = {547-557}, 
year = {1980}, 
doi = {10.1126/science.209.4456.547}, 
abstract ={Some future gravitational-wave antennas will be cylinders of mass ∼100 kilograms, whose end-to-end vibrations must be measured so accurately (10–19 centimeter) that they behave quantum mechanically. Moreover, the vibration amplitude must be measured over and over again without perturbing it (quantum nondemolition measurement). This contrasts with quantum chemistry, quantum optics, or atomic, nuclear, and elementary particle physics, where one usually makes measurements on an ensemble of identical objects and does not care whether any single object is perturbed or destroyed by the measurement. This article describes the new electronic techniques required for quantum nondemolition measurements and the theory underlying them. Quantum nondemolition measurements may find application elsewhere in science and technology.}, 
URL = {http://www.sciencemag.org/content/209/4456/547.abstract}, 
journal = {Science} 
}

@article{Sankey:2010ej,
	Annote = {10.1038/nphys1707},
	Author = {Sankey, J. C. and Yang, C. and Zwickl, B. M. and Jayich, A. M. and Harris, J. G. E.},
	Date = {2010/09//print},
	Isbn = {1745-2473},
	Journal = {Nat. Phys.},
	M3 = {10.1038/nphys1707},
	Month = {09},
	Number = {9},
	Pages = {707--712},
	Publisher = {Nature Publishing Group},
	Title = {Strong and tunable nonlinear optomechanical coupling in a low-loss system},
	Ty = {JOUR},
	Url = {http://dx.doi.org/10.1038/nphys1707},
	Volume = {6},
	Year = {2010},
	Bdsk-Url-1 = {http://dx.doi.org/10.1038/nphys1707}}


@book{devoret:1995,
  title={Quantum fluctuations in electrical circuits},
  author={M.~Devoret},
  series={Les Houches LXIII},
  year={1995},
  publisher={Amsterdam: Elsevier}
}

@book{tinkham,
  title={Introduction to superconductivity},
  author={Tinkham, Michael},
  year={2012},
  publisher={Courier Dover Publications}
}

@article{johansson:2014,
  title = {Optomechanical-like coupling between superconducting resonators},
  author = {Johansson, J. R. and Johansson, G. and Nori, Franco},
  journal = {Phys. Rev. A},
  volume = {90},
  issue = {5},
  pages = {053833},
  numpages = {10},
  year = {2014},
  month = {Nov},
  publisher = {American Physical Society},
  doi = {10.1103/PhysRevA.90.053833},
  url = {http://link.aps.org/doi/10.1103/PhysRevA.90.053833}
}
 
@article{Johansson:2013tk,
  title = {Nonclassical microwave radiation from the dynamical Casimir effect},
  author = {Johansson, J. R. and Johansson, G. and Wilson, C. M. and Delsing, P. and Nori, Franco},
  journal = {Phys. Rev. A},
  volume = {87},
  issue = {4},
  pages = {043804},
  numpages = {6},
  year = {2013},
  month = {Apr},
  publisher = {American Physical Society},
  doi = {10.1103/PhysRevA.87.043804},
  url = {http://link.aps.org/doi/10.1103/PhysRevA.87.043804}
}

@article{Johansson:2009zz,
  title = {Dynamical Casimir Effect in a Superconducting Coplanar Waveguide},
  author = {Johansson, J. R. and Johansson, G. and Wilson, C. M. and Nori, Franco},
  journal = {Phys. Rev. Lett.},
  volume = {103},
  issue = {14},
  pages = {147003},
  numpages = {4},
  year = {2009},
  month = {Sep},
  publisher = {American Physical Society},
  doi = {10.1103/PhysRevLett.103.147003},
  url = {http://link.aps.org/doi/10.1103/PhysRevLett.103.147003}
}


@article{Johansson:2010bx,
  title = {Dynamical Casimir effect in superconducting microwave circuits},
  author = {Johansson, J. R. and Johansson, G. and Wilson, C. M. and Nori, Franco},
  journal = {Phys. Rev. A},
  volume = {82},
  issue = {5},
  pages = {052509},
  numpages = {17},
  year = {2010},
  month = {Nov},
  publisher = {American Physical Society},
  doi = {10.1103/PhysRevA.82.052509},
  url = {http://link.aps.org/doi/10.1103/PhysRevA.82.052509}
}


@article{yurke:1984,
  title = {Quantum network theory},
  author = {Yurke, Bernard and Denker, John S.},
  journal = {Phys. Rev. A},
  volume = {29},
  issue = {3},
  pages = {1419--1437},
  numpages = {0},
  year = {1984},
  month = {Mar},
  publisher = {American Physical Society},
  doi = {10.1103/PhysRevA.29.1419},
  url = {http://link.aps.org/doi/10.1103/PhysRevA.29.1419}
}


@book{goldstein,
  title={Classical Mechanics},
  author={Goldstein, Herbert},
  year={1980},
  publisher={Addison-Wesley Pub. Co.}
}

@article{Thompson:2008dx,
	Author = {Thompson, JD and Zwickl, BM and Jayich, AM and Marquardt, Florian and Girvin, SM and Harris, JGE},
	Journal = {Nature},
	Number = {7183},
	Pages = {72--75},
	Publisher = {Nature Publishing Group},
	Title = {Strong dispersive coupling of a high-finesse cavity to a micromechanical membrane},
	Volume = {452},
	Year = {2008},
	url = {http://dx.doi.org/10.1038/nature06715}}

@article{Jayich:2008iz,
	Abstract = {We present the results of theoretical and experimental studies of dispersively coupled (or 'membrane in the middle') optomechanical systems. We calculate the linear optical properties of a high finesse cavity containing a thin dielectric membrane. We focus on the cavity's transmission, reflection and finesse as a function of the membrane's position along the cavity axis and as a function of its optical loss. We compare these calculations with measurements and find excellent agreement in cavities with empty-cavity finesses in the range 10 4 --10 5 . The imaginary part of the membrane's index of refraction is found to be ~10 −4 . We calculate the laser cooling performance of this system, with a particular focus on the less-intuitive regime in which photons 'tunnel' through the membrane on a timescale comparable to the membrane's period of oscillation. Lastly, we present calculations of quantum non-demolition measurements of the membrane's phonon number in the low signal-to-noise regime where the phonon lifetime is comparable to the QND readout time.},
	Author = {A M Jayich and J C Sankey and B M Zwickl and C Yang and J D Thompson and S M Girvin and A A Clerk and F Marquardt and J G E Harris},
	Journal = {New J. Phys.},
	Number = {9},
	Pages = {095008},
	Title = {Dispersive optomechanics: a membrane inside a cavity},
	Url = {http://stacks.iop.org/1367-2630/10/i=9/a=095008},
	Volume = {10},
	Year = {2008},
}

@article{Bourassa:2009gy,
  title = {Ultrastrong coupling regime of cavity QED with phase-biased flux qubits},
  author = {Bourassa, J. and Gambetta, J. M. and Abdumalikov, A. A. and Astafiev, O. and Nakamura, Y. and Blais, A.},
  journal = {Phys. Rev. A},
  volume = {80},
  issue = {3},
  pages = {032109},
  numpages = {8},
  year = {2009},
  month = {Sep},
  publisher = {American Physical Society},
  doi = {10.1103/PhysRevA.80.032109},
  url = {http://link.aps.org/doi/10.1103/PhysRevA.80.032109}
}

@article{Bourassa:2012ej,
  title = {Josephson-junction-embedded transmission-line resonators: From Kerr medium to in-line transmon},
  author = {Bourassa, J. and Beaudoin, F. and Gambetta, Jay M. and Blais, A.},
  journal = {Phys. Rev. A},
  volume = {86},
  issue = {1},
  pages = {013814},
  numpages = {13},
  year = {2012},
  month = {Jul},
  publisher = {American Physical Society},
  doi = {10.1103/PhysRevA.86.013814},
  url = {http://link.aps.org/doi/10.1103/PhysRevA.86.013814}
}

@article{Johansson20131234,
title = "QuTiP 2: A Python framework for the dynamics of open quantum systems",
journal = "Comp. Phys. Comm.",
volume = "184",
number = "4",
pages = "1234 - 1240",
year = "2013",
note = "",
issn = "0010-4655",
doi = "10.1016/j.cpc.2012.11.019",
url = "http://www.sciencedirect.com/science/article/pii/S0010465512003955",
author = "J.R. Johansson and P.D. Nation and Franco Nori",
keywords = "Open quantum systems",
keywords = "Lindblad",
keywords = "Bloch��������Redfield",
keywords = "Floquet��������Markov",
keywords = "Master equation",
keywords = "Quantum Monte Carlo",
keywords = "Python"
}

@article{Johansson20121760,
title = "QuTiP: An open-source Python framework for the dynamics of open quantum systems",
journal = "Comp. Phys. Comm.",
volume = "183",
number = "8",
pages = "1760 - 1772",
year = "2012",
note = "",
issn = "0010-4655",
doi = "10.1016/j.cpc.2012.02.021",
url = "http://www.sciencedirect.com/science/article/pii/S0010465512000835",
author = "J.R. Johansson and P.D. Nation and Franco Nori",
keywords = "Open quantum systems",
keywords = "Lindblad master equation",
keywords = "Quantum Monte Carlo",
keywords = "Python"
}

@article{Suzuki:1976cf,
year={1976},
issn={0010-3616},
journal={Commun. Math. Phys.},
volume={51},
number={2},
doi={10.1007/BF01609348},
title={Generalized Trotter's formula and systematic approximants of exponential operators and inner derivations with applications to many-body problems},
url={http://dx.doi.org/10.1007/BF01609348},
publisher={Springer-Verlag},
author={Suzuki, Masuo},
pages={183-190},
language={English}
}
